% ГОСТ Р 7.0.11-2011, Приложение Б, Книги

@BOOK{Blauert,
	author = {Blauert, J. and Xiang, N.},
	title = {Acoustics for Engineers},
	address = {Berlin},
	publisher = {Springer-Verlag},
	year = {2008},
	numpages = {231},
	language = {english}
}

@ARTICLE{Kosten,
	author   = {Kosten, C.W.},
	title    = {International comparison measurement in the reverberation room},
	journal  = {Acta Acustica},
	year     = {1960},
	number   = {10},
	pages    = {400-411},
	language = {english}
}

@ARTICLE{Beranek,
	author   = {Beranek, L.L.},
	title    = {Precision measurement of acoustic impedance},
	journal  = {JASA},
	year     = {1940},
	number   = {12},
	pages    = {3-13},
	language = {english}
}

@ARTICLE{Beranek,
	author   = {Beranek, L.L.},
	title    = {Precision measurement of acoustic impedance},
	journal  = {JASA},
	year     = {1940},
	number   = {12},
	pages    = {3-13},
	language = {english}
}

@ARTICLE{ASTM,
	title    = {ASTM E1050, Standard test method for impedance and absorption of acoustical materials using a tube, two microphones and a digital frequency analysis system},
	journal  = {ASTM, Philadelphia, USA},
	year     = {1990},
	language = {english}
}

@ARTICLE{Fahy1984,
	author   = {Fahy, F.J.},
	title    = {Rapid method for the measurement of sample acoustic impedance in a standing wave tube},
	journal  = {Journal of Sound and Vibration},
	year     = {1984},
	number   = {97},
	pages    = {168-170},
	volume   = {1},
	language = {english}
}

@ARTICLE{Seybert,
	author   = {Seybert, A.F. and Ross, D.F.},
	title    = {Experimental determination of acoustic properties using a two-microphone random-excitation technique},
	journal  = {JASA},
	year     = {1977},
	number   = {61},
	pages    = {1362-1370},
	volume   = {5},
	language = {english}
}

@ARTICLE{Chung1980I,
	author   = {Chung, J.Y. and Blaser, D.A.},
	title    = {Transfer function method of measuring in-duct acoustic properties. I. Theory},
	journal  = {JASA},
	year     = {1980},
	number   = {68},
	pages    = {907-913},
	volume   = {3},
	language = {english}
}

@ARTICLE{Chung1980II,
	author   = {Chung, J.Y. and Blaser, D.A.},
	title    = {Transfer function method of measuring in-duct acoustic properties. II. Experiment},
	journal  = {JASA},
	year     = {1980},
	number   = {68},
	pages    = {914-921},
	volume   = {3},
	language = {english}
}

@ARTICLE{Chu1991,
	author   = {Chu, W.T.},
	title    = {Impedance tube measurements – A comparative study of current practices},
	journal  = {Noise Control Engineering Journal},
	year     = {1991},
	number   = {37},
	pages    = {37-44},
	volume   = {1},
	language = {english}
}

@ARTICLE{Brandao2015,
	author   = {Brandao E. and Lenzi A. and Paul S.},
	title    = {A review of the in situ impedance and Sound absorption measurement techniques},
	journal  = {Acta Acustica united with Acustica},
	year     = {2015},
	number   = {101},
	pages    = {443-463},
	language = {english}
}

@ARTICLE{Ingard1951,
	author   = {Ingard, U. and Bolt, R. H.},
	title    = {A free field method of measuring the absorption coefficients of acoustic materials},
	journal  = {JASA},
	year     = {1951},
	number   = {23},
	pages    = {509-516},
	volume   = {5},
	language = {english}
}
1
@ARTICLE{Ando1968,
	author   = {Ando, Y.},
	title    = {The interference pattern method of measuring the complex reflection coefficient of acoustic materials at oblique incidence},
	journal  = {Proc. 6th I.C.A., Paper E33},
	year     = {1968},
	language = {english}
}

@ARTICLE{Yuzawa1975,
	author   = {Yuzawa, M.},
	title    = {A method of obtaining the oblique incident sound absorption coefficient through an on-the-spot measurement},
	journal  = {Applied Acoustics},
	year     = {1975},
	number   = {8},
	pages    = {27-41},
	language = {english}
}
@ARTICLE{Davies1979,
	author   = {Davies, J.C. and Mulholland K.A.},
	title    = {An Impulse Method of Measuring Normal Impedance at Oblique Incidence},
	journal  = {Journal of Sound and Vibration},
	year     = {1979},
	number   = {67},
	pages    = {135-149},
	volume   = {1},
	language = {english}
}
@ARTICLE{Kintzl,
	author   = {Кинцл, З.},
	title    = {Исследование звукопоглощения участков стен импульсным методом},
	journal  = {Акустический журнал},
	year     = {1975},
	number   = {XXI},
	pages    = {49-53},
	volume   = {1},
	language = {russian}
} 
@ARTICLE{Hollin1977,
	author   = {Hollin, K.A. and Jones, M.H.},
	title    = {The measurement of sound absorption coefficient in situ by a correlation technique},
	journal  = {Acustica},
	year     = {1977},
	number   = {47},
	pages    = {103-110},
	language = {english}
}
@ARTICLE{Garai1993,
	author   = {Garai, M.},
	title    = {Measurement of the sound-absorption coefficient in situ: the reflection method using periodic pseudo-random sequences of maximum length},
	journal  = {Applied Acoustics},
	year     = {1993},
	number   = {39},
	pages    = {119-139},
	language = {english}
}

@ARTICLE{Mommertz1995,
	author   = {Mommertz, E.},
	title    = {Angle-dependent in-situ measurements of reflection coefficients using a subtraction technique},
	journal  = {Applied Acoustics},
	year     = {1995},
	number   = {46},
	pages    = {251-264},
	language = {english}
}
@ARTICLE{Tamura1990I,
	author   = {Tamura, M.},
	title    = {Spatial Fourier transform method of measuring reflection coefficients at oblique incidence. I: Theory and numerical examples},
	journal  = {JASA},
	year     = {1990},
	number   = {88},
	pages    = {2259-2264},
	volume   = {5},
	language = {english}
}
@ARTICLE{Tamura1990II,
	author   = {Tamura, M.},
	title    = {Spatial Fourier transform method of measuring reflection coefficients at oblique incidence. II: Experimental results},
	journal  = {JASA},
	year     = {1995},
	number   = {97},
	pages    = {2255-2262},
	volume   = {4},
	language = {english}
}
 
@ARTICLE{Biot1956_I,
	author   = {Biot M.A.},
	title    = {Theory of propagation of elastic waves in fluid saturated porous solid. I. Low-frequency range},
	journal  = {JASA},
	year     = {1956},
	number   = {2},
	pages    = {168-178},
	month    = {March},
	volume   = {28},
	language = {english}
}
@ARTICLE{Biot1956_II,
	author   = {Biot M.A.},
	title    = {Theory of propagation of elastic waves in fluid-saturated porous solid. II. Higher frequency range},
	journal  = {JASA},
	year     = {1956},
	number   = {2},
	pages    = {179-191},
	month    = {March},
	volume   = {28},
	language = {english}
}

@ARTICLE{Geebelen2007,
	author   = {Geebelen N. et al.},
	title    = {Measurement of the Rigidity Coefficients of a Melamine Foam},
	journal  = {Acta Acustica united with Acustica},
	year     = {2007},
	pages    = {783-788},
	volume   = {93},
	language = {english}
}
@ARTICLE{Cuenca2014,
	author   = {Cuenca, J. and Van der Kelen, C. and Goransson, P.},
	title    = {A general methodology for inverse estimation of the elastic and anelastic properties of anisotropic open-cell porous materials - with application to a melamine foam},
	journal  = {J. of Appl. Phys.},
	year     = {2014},
	volume   = {115},
	language = {english}
}

@BOOK{Isakovich1973,
	author = {Исакович М.А.},
	address = {Москва},
	publisher = {Наука},
	title = {Общая акустика},
	year = {1973},
	language = {russian}
}

@BOOK{Fok1970,
	author = {Фок, В.А.},
	publisher = {Советское радио},
	title = {Проблемы дифракции и распространения электромагнитных волн.},
	year = {1970},
	language = {russian}
}


@BOOK{Allard2009,
	author = {Allard, J.F. and Atalla, N.},
	publisher = {Wiley},
	title = {Propagation of Sound in Porous Media: Modelling Sound Absorbing Materials},
	year = {2009},
	language = {english}
}

@ARTICLE{ValyaevMLS,
	author   = {Валяев, В.Ю. and Шанин А.В.},
	title    = {Метод последовательностей максимальной длины в акустическом эксперименте},
	journal  = {Акустический журнал},
	year     = {2011},
	number   = {3},
	pages    = {420-425},
	volume   = {57},
	language = {russian}
}
@BOOK{Weinstein1966,
	author = {Вайнштейн, Л.А.},
	publisher = {Советское Радио},
	title = {Теория дифракции и метод факторизации},
	address = {Москва},	
	year = {1966},
  	numpages = {431},	
	language = {russian}
}


@ARTICLE{ValyaevRoad,
	author   = {Валяев, В.Ю. and Шанин А.В.},
	title    = {Экспериментальная оценка параметров пористого дорожного покрытия акустическим методом},
	journal  = {Акустический журнал},
	year     = {2012},
	number   = {6},
	pages    = {776-784},
	volume   = {58},
	language = {russian}
}

@ARTICLE{Denisov2017,
	author   = {Денисов, С.Л. and Корольков, А.И.},
	title    = {Исследование эффективности экранирования шума с помощью метода последовательностей максимальной длины в приложении к задачам авиационной акустики},
	journal  = {Акустический журнал},
	year     = {2017},
	number   = {4},
	pages    = {419-435},
	volume   = {63},
	language = {russian}
}

@ARTICLE{Candel1976,
	author   = {Candel, M. and Julliano, M. and Julienne, A.},
	title    = {Shielding and Scattering by a Jet Flow},
	journal  = {3rd AIAA Aero-Acoustics Conference},
	year     = {1976},
	language = {english}
}

@ARTICLE{Gerhold1983,
	author   = {Gerhold C.H.},
	title    = {Analytical Model of Jet Shielding},
	journal  = {AIAA Journal},
	year     = {1983},
	number   = {5},
	pages    = {694-698},
	volume   = {21},
	language = {english}
}

@ARTICLE{Karweit1991,
	author   = {Karweit, M. and Blanc-Benon, Ph. and Juve, D. and Comte-Bellot, G.},
	title    = {Simulation of the propagation of an acoustic wave through a turbulent velocity field: A study of phase variance},
	journal  = {JASA},
	year     = {1991},
	number   = {1},
	pages    = {52-62},
	volume   = {89},
	language = {english}
}

@ARTICLE{HoChi,
	author   = {Chi-Ming, Ho and Kovasznay, L.S.G.},
	title    = {Propagation of a coherent acoustic wave through a turbulent shear flow},
	journal  = {JASA},
	year     = {1976},
	number   = {1},
	pages    = {40-45},
	volume   = {60},
	language = {english}
}

@ARTICLE{Golovanov2006,
	author   = {Голованов, А.Н.},
	title    = {Влияние акустических возмущений на свободно-конвективное течение},
	journal  = {Прикладная механика и техническая физика},
	year     = {2006},
	number   = {5},
	pages    = {27-33},
	volume   = {47},
	language = {russian}
}

@ARTICLE{Vlasov1971,
	author   = {Власов, Е.В. and Гиневский, А.С.},
	title    = { Влияние акустических возмущений на переход ламинарного пограничного слоя в турбулентный},
	journal  = {Ученые записки ЦАГИ},
	year     = {1971},
	number   = {2},
	volume   = {2},
	language = {russian}
}

@ARTICLE{Friedland1969,
	author   = {Friedland, A.B. and Pierce, A.D.},
	title    = {Reflection of Acoustic Pulses From Stable and Unstable Interfaces Between Moving Fluids},
	journal  = {The Physics of Fluids},
	year     = {1969},
	number   = {6},
	pages    = {1148-1159},
	volume   = {12},
	language = {english}
}

@ARTICLE{Godin1988,
	author   = {Годин, О.А.},
	title    = {Отражение сферической волны от движущейся среды},
	journal  = {Акустический журнал},
	year     = {1988},
	number   = {3},
	volume   = {34},
	language = {russian}
}

@ARTICLE{Jones1973,
	author   = {Jones, D.S.},
	title    = {The Reflection of Acoustic Pulse by a Plane Vortex Sheet},
	journal  = {Proc. Camb. Phil. Soc.},
	year     = {1973},
	pages    = {349-364},
	volume   = {74},
	language = {english}
}

@ARTICLE{Gottlieb1960,
	author   = {Gottlieb, P.},
	title    = {Sound Source Near Velocity Discontinuity},
	journal  = {JASA},
	year     = {1960},
	number   = {9},
	volume   = {22},
	language = {english}
}

@ARTICLE{Ahuja1981,
	author   = {Ahuja, K.K. and Tanna, H.K. and Tester, B.J.},
	title    = {An Experimental Study of Transmission, Reflection and Scattering of Sound in a Free Jet Flight Simulation Facility and Comparison with Theory},
	journal  = {Journal of Sound and Vibration},
	year     = {1981},
	number   = {1},
	pages    = {51-85},
	volume   = {75},
	language = {english}
}

@BOOK{Blokhitsev1981,
	author = {Блохинцев, Д.И.},
	title = {Акустика неоднородной движущейся среды. 2-е изд.},
	address = {Москва},
	publisher = {Наука},
	year = {1981},
	language = {russian}
}

@ARTICLE{Keller1962,
	author   = {Keller, J. B.},
	title    = {Geometrical theory of diffraction},
	journal  = {J. Opt. Soc. Am.},
	year     = {1962},
	number   = {2},
	pages    = {115-130},
	volume   = {52},
	language = {english}
}

@ARTICLE{Mironov1975,
	author   = {Миронов, М.А.},
	title    = {Воздействие гармонического источника объемной скорости на течение с плоским тангенциальным разрывом (плоская задача)},
	journal  = {Акустический журнал},
	year     = {1975},
	number   = {1},
	pages    = {79-85},
	volume   = {21},
	language = {russian}
}

@BOOK{SveshnikovTFKP,
	author = {Свешников, А.Г. and Тихонов, А.Н.},
	title = {Теория функций комплексной переменной. 3-е изд},
	address = {Москва},
	publisher = {Наука},
	year = {1974},
	language = {russian}
}

@BOOK{Abramovitz,
	author = {Абрамович, Г.Н.},
	title = {Теория турбулентных струй},
	address = {Москва},
	publisher = {Эколит},
	year = {2011},
	language = {russian}
}

@ARTICLE{Tam,
	author   = {Tam, C. K. W. and Burton, D. E.},
	title    = {Sound generated by instability waves of supersonic flows. Part 2. Axisymmetric jets},
	journal  = {J. Fluid. Mech.},
	pages    = {273-295},
	volume   = {138},
	language = {english}
}

@BOOK{Munin1981,
	author = {Мунин, А.Г. and Кузнецов, В.М. and Леонтьев, Е.А.},
	title = {Аэродинамические источники шума},
	address = {Москва},
	publisher = {Машиностроение},
	year = {1981},
	pages = {248},
	language = {russian}
}

@ARTICLE{Grothe2010,
	author   = {Grothe, M. J. and Sim, I.},
	title    = {Efficient PML for the wave equation},
	journal  = {ArXiv: 1001.0319v1},
	year     = {2010},
	language = {english}
}

@ARTICLE{Andronov2011,
	author   = {Андронов, И.В.},
	title    = {Дифракция на сильно вытянутом теле вращения)},
	journal  = {Акустический журнал},
	year     = {2011},
	number   = {1},
	pages    = {147-152},
	volume   = {57},
	language = {russian}
}

@ARTICLE{Andronov2012,
	author   = {Andronov, I.V. and Bouche, D.},
	title    = {Diffraction by a narrow circular cone as by a strongly elongated body},
	journal  = {Journal of Mathematical Sciences},
	year     = {2012},
	number   = {4},
	pages    = {517-522},
	volume   = {185},
	language = {english}
}

@ARTICLE{Andronov2012_2,
	author   = {Andronov, I.V. and Bouche, D. and Duruflé, M.},
	title    = {High-frequency diffraction of a plane electromagnetic wave by an elongated spheroid},
	journal  = {IEEE Antennas and Wireless Propagation Letters, Institute of Electrical and Electronics Engineers},
	year     = {2012},
	number   = {11},
	pages    = {5286-5295},
	volume   = {60},
	language = {english}
}

@ARTICLE{Kirpichnikova2013,
author   = {Kirpichnikova, N.Y. and Popov, M.M.},
title    = {Leontovich-Fock parabolic equation method in the problems of short-wave diffraction by prolate bodies},
journal  = {J. Math. Sci. (N.Y.)},
year     = {2013},
number   = {1},
pages    = {30-43},
volume   = {194},
language = {english}
}

@ARTICLE{Popov2014,
	author   = {Попов, М.М. and Кирпичникова, Н.Я.},
	title    = {О проблемах применения параболического уравнения к дифракции на вытянутых телах},
	journal  = {Акустический журнал},
	year     = {2014},
	number   = {4},
	pages    = {339-346},
	volume   = {60},
	language = {russian}
}

@ARTICLE{Engineer1998,
	author   = {Engineer, J.C. and King, J.R. and Tew, R.H.},
	title    = {Diffraction by slender bodies},
	journal  = {European Journal of Applied Mathematics},
	year     = {1998},
	pages    = {129-158},
	volume   = {9},
	language = {english}
}

@ARTICLE{Smyshlyaev1990,
	author   = {Smyshlyaev, V.P.},
	title    = {Diffraction by Conical Surfaces at High Frequencies},
	journal  = {Wave Motion},
	year     = {1990},
	number   = {4},
	pages    = {329-339},
	volume   = {12},
	language = {english}
}

@ARTICLE{Felsen1957,
	author   = {Felsen, L.B.},
	title    = {Plane wave scattering by small angle cones},
	journal  = {IRE Trans. Antennas Propagat.},
	year     = {1957},
	number   = {50},
	pages    = {121-129},
	language = {english}
}

@ARTICLE{Shanin2011,
	author   = {Шанин, А.В.},
	title    = {Асимптотики волнового поля при дифракции на конусе и дифракционный ряд на сфере},
	journal  = {Записки научных семинаров ПОМИ},
	year     = {2011},
	number   = {393},
	pages    = {234-258},
	language = {russian}
}

@ARTICLE{Shanin2017,
	author   = {Shanin, A.V. and Korolkovб A.I.},
	title    = {Diffraction by an elongated body of revolution. A boundary integral equation based on the parabolic equation},
	journal  = {Wave Motion},
	year     = {2018},
	url      = {https://doi.org/10.1016/j.wavemoti.2018.10.006},
	language = {english}
}

@ARTICLE{Lyalinov2003,
	author   = {Лялинов, М.А.},
	title    = {О дифракции плоской волны на импедансном конусе},
	journal  = {Зап. научн. сем. ПОМИ},
	year     = {2003},
	number   = {297},
	pages    = {191-215},
	language = {russian}
}

@ARTICLE{Bernard2004,
	author   = {Bernard, J.-M. L. and Lyalinov, M.A.},
	title    = {Electromagnetic scattering by a Smooth Convex Impedance Cone},
	journal  = {IMA J. Appl. Math.},
	year     = {2004},
	number   = {69},
	pages    = {285-333},
	language = {english}
}

@ARTICLE{Antipov2003,
	author   = {Antipov, Y.A.},
	title    = { Diffraction of a plane wave by a circular cone with an impedance boundary condition},
	journal  = {SIAM J. Appl. Math.},
	year     = {2003},
	number   = {4},
	pages    = {1122-1152},
	volume   = {62},
	language = {english}
}

@ARTICLE{Lyalinov2009,
	author   = {Lyalinov, M.A.},
	title    = {The far field asymptotics in the problem of diffraction of an acoustic plane wave by an impedance cone},
	journal  = {Russian Journal of Mathematical Physics},
	year     = {2009},
	number   = {2},
	pages    = {277-286},
	volume   = {16},
	language = {english}
}

@ARTICLE{Korolkov2016,
	author   = {Корольков, А.И. and Шанин, А.В.},
	title    = {Дифракция высокочастотной волны на импедансном отрезке при скользящем падении},
	journal  = {Акустический журнал},
	year     = {2016},
	number   = {3},
	pages    = {648-656},
	volume   = {62},
	language = {russian}
}

@BOOK{Gradstein1963,
	author = {Градштейн, И.С. and Рыжик, И.М.},
	title = {Таблицы интегралов, сумм, рядов и произведений},
	address = {Москва},
	publisher = {Физматлит},
	year = {1963},
	language = {russian}
}

@ARTICLE{Felsen,
	author   = {Felsen, L.B.},
	title    = {Electromagnetic properties of wedge and cone surfaces with linearly varying surface impedance},
	journal  = {IEEE Trans. Antennas Propag.},
	number   = {2},
	pages    = {231-243},
	volume   = {7},
	language = {english}
}

@BOOK{Zenkevitz,
	author = {Зенкевич, О.С.},
	title = { Метод конечных элементов в технике},
	address = {Москва},
	publisher = {Мир},
	year = {1975},
	language = {russian}
}

@BOOK{Kantorovich1958,
	author   = {Kantorovich, L.V. and Krylov, V.I.},
	title    = {Approximate methods of higher analysis},
	publisher  = {Interscience publishers, Inc.},
	year     = {1958},
	address = {New York},
	language = {russian}
}

@BOOK{Kravtsov,
	author = {Кравцов, Ю.А. and Орлов, Ю.И.},
	title = {Геометрическая оптика неоднородных сред},
	address = {Москва},
	publisher = {Наука},
	year = {1980},
	language = {russian}
}

@PHDTHESIS{ValeraPhdthesis,
	author       = {Валяев, В.Ю.}, 
	title        = {Экспериментальное и теоретическое исследование дифракции акустических волн на конусах специального вида и препятствиях типа полосы},
	school       = {МГУ имени М.В. Ломоносова, физический факультет},
	year         = {2011},
	address      = {Москва},
	language     = {russian}
}


@BOOK{Sychev,
  author = {Сычёв, М. С.},
  title = {История Астраханского казачьего войска : учебное пособие},
  address = {Астрахань},
  publisher = {Волга},
  year = {2009},
  numpages = {231},
  language = {russian}
}

@BOOK{Sokolov,
  author = {Соколов, А. Н. and Сердобинцев, К. С.},
  editor = {Бочарова, В. М.},
  address = {Астрахань},
  publisher = {Калиниградский ЮИ МВД России},
  title = {Гражданское общество: проблемы формирования и развития (философский и юридический аспекты) : монография},
  year = {2009},
  numpages = {218},
  language = {russian}
}

@BOOK{Gaidaenko,
  author = {Гайдаенко, Т. А.},
  title = {Маркетинговое управление: принципы управленческих решений и российская практика},
  edition = {3-е изд, перераб. и доп.},
  address = {М.},
  publisher = {Эксмо: МИРБИС},
  year = {2008},
  numpages = {508},
  language = {russian}
}

@BOOK{Lermontov,
  author = {Лермонтов, Михаил Юрьевич},
  title = {Собрание сочинений: в 4 т.},
  address = {М.},
  publisher = {Терра-Кн. клуб},
  year = {2009},
  note = {4 т.},
  language = {russian}
}

@BOOK{Management,
  title = {Управление бизнесом : сборник статей},
  address = {Нижний новгород},
  publisher = {Изд-во Нижегородского университета},
  year = {2009},
  numpages = {243},
  language = {russian}
}

@BOOK{Borozda,
  author = {Борозда, И. В. and Воронин, Н. И. and Бушманов, А. В.},
  title = {Лечение сочетанных повреждений таза},
  address = {Владивосток},
  publisher = {Дальнаука},
  year = {2009},
  numpages = {195},
  language = {russian}
}

@BOOK{Marketing,
  author = {Михненков, О. В. and Коготкова, И. З. and Генкин, Е. В. and Сороко, Г. Я.},
  title = {Маркетинговые исследования в строительстве : учебное пособие для студентов специальности «Менеджмент организаций»},
  address = {М.},
  publisher = {Государственный университет управления},
  year = {2005},
  numpages = {59},
  language = {russian}
}

% ГОСТ Р 7.0.11-2011, Приложение Б, Нормативные правовые акты
@BOOK{Constitution,
  title = {Конституция Российской Федерации : офиц. текст.},
  address = {М.},
  publisher = {Маркетинг},
  year = {2001},
  numpages = {39},
  language = {russian}
}

@BOOK{FamilyCode,
  title = {Семейный кодекс Российской Федерации : [федер. закон: принят Гос. Думой 8 дек. 1995~г. : по состоянию на 3~янв. 2001~г.]},
  address = {СПб.},
  publisher = {Стаун-кантри},
  year = {2001},
  numpages = {94},
  language = {russian}
}

% ГОСТ Р 7.0.11-2011, Приложение Б, Стандарты
@BOOK{Gost.7.0.53,
  title = {ГОСТ Р 7.0.53-2007 Система стандартов по информации, библиотечному и издательскому делу. Издания. Международный стандартный книжный номер. Использование и издательское оформление.},
  address = {М.},
  publisher = {Стандартинформ},
  year = {2007},
  numpages = {5},
  language = {russian}
}

% ГОСТ Р 7.0.11-2011, Приложение Б, Депонированные научные работы
@BOOK{Razumovski,
  author = {Разумовский, В. А. and Андреев, Д. А.},
  title = {Управление маркетинговыми исследованиями в регионе},
  address = {М.},
  year = {2002},
  numpages = {210},
  note = {Деп. в ИНИОН Рос. акад. наук 15.02.02, № 139876},
  language = {russian}
}

% ГОСТ Р 7.0.11-2011, Приложение Б, Диссертации
@BOOK{Lagkueva,
  author = {Лагкуева, Ирина Владимировна},
  title = {Особенности регулирования труда творческих работников театров : дис. ... канд. юрид. наук : 12.00.05},
  address = {М.},
  year = {2009},
  numpages = {168},
  language = {russian}
}

@BOOK{Pokrovski,
  author = {Покровский, Андрей Владимирович},
  title = {Устранимые особенности решений эллиптических уравнений : дис. ... д-ра физ.-мат. наук : 01.01.01},
  address = {М.},
  year = {2008},
  numpages = {178},
  language = {russian}
}

% ГОСТ Р 7.0.11-2011, Приложение Б, Авторефераты диссертаций
@BOOK{Sirotko,
  author = {Сиротко, Владимир Викторович},
  title = {Медико-социальные аспекты городского травматизма в современных условиях : автореф. дис. ... канд. мед. наук : 14.00.33},
  address = {М.},
  year = {2006},
  numpages = {26},
  language = {russian}
}

@BOOK{Lukina,
  author = {Лукина, Валентина Александровна},
  title = {Творческая история «Записок охотника» И. С. Тургенева : автореф. дис. ... канд. филол. наук : 10.01.01},
  address = {СПб.},
  year = {2006},
  numpages = {26},
  language = {russian}
}

% ГОСТ Р 7.0.11-2011, Приложение Б, Отчёты о научно-исследовательской работе
@BOOK{Methodology,
  author = {Загорюев, А. Л.},
  title = {Методология и методы изучения военно-профессиональной направленности подростков : отчёт о НИР},
  address = {Екатеринбург},
  institution = {Уральский институт практической психологии},
  year = {2008},
  numpages = {102},
  language = {russian}
}

% ГОСТ Р 7.0.11-2011, Приложение Б, Электронные ресурсы
@BOOK{Encyclopedia,
  title = {Художественная энциклопедия зарубежного классического искусства [Электронный ресурс]},
  address = {М.},
  publisher = {Большая Рос. энкцикл.},
  year = {1996},
  note = {1 электрон. опт. диск (CD-ROM)},
  language = {russian}
}

@ARTICLE{Nasirova,
  author = {Насырова, Г. А.},
  title = {Модели государственного регулирования страховой деятельности [Электронный ресурс]},
  journal = {Вестник Финансовой академии},
  year = {2003},
  number = {4},
  note = {Режим доступа: http://vestnik.fa.ru/4(28)2003/4.html},
  language = {russian}
}

% ГОСТ Р 7.0.11-2011, Приложение Б, Статьи

@ARTICLE{Berestova,
  author = {Берестова, Т. Ф.},
  title = {Поисковые инструмены библиотеки},
  journal = {Библиография},
  year = {2006},
  number = {4},
  pages = {19},
  language = {russian}
}

@ARTICLE{Kriger,
  author = {Кригер, И.},
  title =  {Бумага терпит},
  journal = {Новая газета},
  year = {2009},
  note = {1 июля},
  language = {russian}
}


% Examples from https://verbosus.com/bibtex-style-examples.html
@ARTICLE{Article,
  author   = {Peter Adams},
  title    = {The title of the work},
  journal  = {The name of the journal},
  year     = {1993},
  number   = {2},
  pages    = {201-213},
  month    = {7},
  note     = {An optional note},
  volume   = {4},
  language = {english}
}

@BOOK{Book,
  author    = {Peter Babington}, 
  title     = {The title of the work},
  publisher = {The name of the publisher},
  year      = {1993},
  volume    = {4},
  series    = {10},
  address   = {The address},
  edition   = {3},
  month     = {7},
  note      = {An optional note},
  isbn      = {3257227892},
  language  = {english}
}

@BOOKLET{Booklet,
  title        = {The title of the work},
  author       = {Peter Caxton}, 
  howpublished = {How it was published},
  address      = {The address of the publisher},
  month        = {7},
  year         = {1993},
  note         = {An optional note},
  language     = {english}
}

@CONFERENCE{Conference,
  author       = {Peter Draper}, 
  title        = {The title of the work},
  booktitle    = {The title of the book},
  year         = {1993},
  editor       = {The editor},
  volume       = {4},
  series       = {5},
  pages        = {213},
  address      = {The address of the publisher},
  month        = {7},
  organization = {The organization},
  publisher    = {The publisher},
  note         = {An optional note},
  language     = {english}
}

@INBOOK{Inbook,
  author       = {Peter Eston},
  title        = {The title of the work},
  booktitle    = {Book title},
  chapter      = {8},
  pages        = {201-213},
  publisher    = {The name of the publisher},
  year         = {1993},
  volume       = {4},
  series       = {5},
  address      = {The address of the publisher},
  edition      = {3},
  month        = {7},
  note         = {An optional note},
  language     = {english}
}

@INCOLLECTION{Incollection,
  author       = {Peter Farindon},
  title        = {The title of the work},
  booktitle    = {The title of the book},
  publisher    = {The name of the publisher},
  year         = {1993},
  editor       = {The editor},
  volume       = {4},
  series       = {5},
  chapter      = {8},
  pages        = {201-213},
  address      = {The address of the publisher},
  edition      = {3},
  month        = {7},
  note         = {An optional note},
  language     = {english}
}

@MANUAL{Manual,
  title        = {The title of the work},
  author       = {Peter Gainsford}, 
  organization = {The organization},
  address      = {The address of the publisher},
  edition      = {3},
  month        = {7},
  year         = {1993},
  note         = {An optional note},
  language     = {english}
}

@MASTERSTHESIS{Mastersthesis,
  author       = {Peter Harwood},
  title        = {The title of the work},
  school       = {The school where the thesis was written},
  year         = {1993},
  address      = {The address of the publisher},
  month        = {7},
  note         = {An optional note},
  language     = {english}
}

@MISC{Misc,
  author       = {Peter Isley},
  title        = {The title of the work},
  howpublished = {How it was published},
  month        = {7},
  year         = {1993},
  note         = {An optional note},
  language     = {english}
}

@PHDTHESIS{Phdthesis,
  author       = {Peter Joslin}, 
  title        = {The title of the work},
  school       = {The school where the thesis was written},
  year         = {1993},
  address      = {The address of the publisher},
  month        = {7},
  note         = {An optional note},
  language     = {english}
}

@PROCEEDINGS{Proceedings,
  title        = {The title of the work},
  year         = {1993},
  editor       = {Peter Kidwelly},
  volume       = {4},
  series       = {5},
  address      = {The address of the publisher},
  month        = {7},
  organization = {The organization},
  publisher    = {The name of the publisher},
  note         = {An optional note},
  language     = {english}
}

@TECHREPORT{Techreport,
  author       = {Peter Lambert},
  title        = {The title of the work},
  institution  = {The institution that published},
  year         = {1993},
  number       = {2},
  address      = {The address of the publisher},
  month        = {7},
  note         = {An optional note},
  language     = {english}
}

@UNPUBLISHED{Unpublished,
  author       = {Peter Marcheford}, 
  title        = {The title of the work},
  note         = {An optional note},
  month        = {7},
  year         = {1993},
  language     = {english}
}

%%% Реальные примеры

% Инициалы должны быть записаны после запятой, с точками, через пробел
% http://www.kit-e.ru/articles/elcomp/2006_12_124.php
% Подчёркивания в ссылке приходится экранировать
% http://www.kit-e.ru/articles/elcomp/2006\_12\_124.php
@online{medvedev2006jelektronnye,
  title={Электронные компоненты и монтажные подложки},
  author={Медведев, А. М.},
  journal={Компоненты и технологии},
  number={12},
  pages={124--134},
  year={2006},
  medium={Электронный ресурс},
  url = {http://www.kit-e.ru/articles/elcomp/2006\_12\_124.php},
  urldate = {19.01.2015},
  language = {russian}
}

% Real example
% & в названии журнала надо экранировать
% 10.1002/1521-4125(200007)23:7<581::AID-CEAT581>3.0.CO;2-P
% < > в ссылке приходится экранировать %3C и %3E, а потом ещё знаки процента в них экранировать
% 10.1002/1521-4125(200007)23:7%3C581::AID-CEAT581%3E3.0.CO;2-P
% 10.1002/1521-4125(200007)23:7\%3C581::AID-CEAT581\%3E3.0.CO;2-P
% url не нужен. если запись о бумажной публикации
@article {CEAT:CEAT581,
  author = {Deiters, U. K.},
  title = {A Modular Program System for the Calculation of Thermodynamic Properties of Fluids},
  journal = {Chemical Engineering \& Technology},
  volume = {23},
  number = {7},
  publisher = {WILEY-VCH Verlag},
  issn = {1521-4125},
  doi = {10.1002/1521-4125(200007)23:7<581::AID-CEAT581>3.0.CO;2-P},
  pages = {581--584},
  year = {2000},
  language = {english}
}

% Real with  4 authors
@article{doi:10.1080/01932691.2010.513279,
  author = {Young-Sang Cho and Young Kuk Kim and Kook Chae Chung and Chul Jin Choi },
  title = {Deformation of Colloidal Crystals for Photonic Band Gap Tuning},
  journal = {Journal of Dispersion Science and Technology},
  volume = {32},
  number = {10},
  pages = {1408-1415},
  year = {2011},
  doi = {10.1080/01932691.2010.513279},
  language = {english}
}

% doi with (), author with umlaut or other unicode or specific symbols, 9 authors
% latex don't like Gösele1999161 in ref
% Умляуты в авторах понимаются из-за поддержки в юникодной странице pdflatex и xelatex
% Иллюстрация того, что будет. если на английской записи будут поставлена пометка, что язык русский
@article{Gosele1999161,
  title = "Wafer bonding for microsystems technologies ",
  journal = "Sensors and Actuators A: Physical ",
  volume = "74",
  number = "1–3",
  pages = "161 - 168",
  year = "1999",
  issn = "0924-4247",
  doi = "10.1016/S0924-4247(98)00310-0",
  author = "Gösele, U. and Tong, Q.-Y. and Schumacher, A. and Kräuter, G. and Reiche, M. and Plößl, A. and Kopperschmidt, P. and Lee, T.-H. and Kim, W.-J.",
  keywords = "Wafer bonding",
  keywords = "Fusion bonding",
  keywords = "Pressure sensors",
  keywords = "Interface reactions",
  keywords = "Hydrophilic bonding",
  keywords = "Hydrophobic bonding",
  language = {russian}
}

% Real example (from Google or Springer)
% unmodified styles don't know %language = {English}
% язык писать с маленьких
% иллюстрация incollection
% 10.1007/0-387-32989-7_45
% Подчёркивания в DOI приходится экранировать
% 10.1007/0-387-32989-7\_45
@incollection{Li2007StressAnalysis,
  year={2007},
  isbn={978-0-387-27974-9},
  booktitle={Micro- and Opto-Electronic Materials and Structures: Physics, Mechanics, Design, Reliability, Packaging},
  editor={Suhir, E. and Lee, Y. C. and Wong, C. P.},
  doi={10.1007/0-387-32989-7_45},
  title={Stress Analysis for Processed Silicon Wafers and Packaged Micro-devices},
  publisher={Springer US},
  author={Li, Li and Guo, Yifan and Zheng, Dawei},
  pages={B677-B709},
  language={english}
}

% Real, β sign 
% inputenc don't know β sign %aluminosilicate-β-quartz
% Знаки типа β, которые не знает таблица кодировки, с которой работает компилятор нужно заменять на latex команды
% doi должен быть без http://dx.doi.org/
@article{Shoji199895,
title = "Low-temperature anodic bonding using lithium aluminosilicate-$\beta$-quartz glass ceramic",
journal = "Sensors and Actuators A: Physical",
volume = "64",
number = "1",
pages = "95 - 100",
year = "1998",
note = "Tenth {IEEE} International Workshop on Micro Electro Mechanical Systems ",
issn = "0924-4247",
doi = "10.1016/S0924-4247(97)01659-2",
author = {Shuichi Shoji and Hiroto Kikuchi and Hirotaka Torigoe},
keywords = "Anodic bonding",
keywords = "Low-temperature bonding",
keywords = "Micro assembly",
keywords = "Micro package",
keywords = "Glass ceramic",
}


% from urlbst package
% Example from Jason Eisner, by mail (nothing special about the entry,
% but he seemed to be having formatting problems with unsrturl and proceedings
% entries.
% http://cs.jhu.edu/~jason/papers/#icassp07
@InProceedings{test:eisner-sample,
  author =       {Damianos Karakos and Sanjeev Khudanpur and Jason
                  Eisner and Carey~E. Priebe},
  title =        {Iterative denoising using {J}ensen-{R}enyi
                  divergences with an application to unsupervised
                  document categorization},
  booktitle =    {Proceedings of ICASSP},
  year =         2007,
  url =          {http://cs.jhu.edu/~jason/papers/\#icassp07}
}

@InProceedings{test:eisner-sample-shorted,
  author =       {Damianos Karakos and Sanjeev Khudanpur and Jason
                  Eisner and Carey~E. Priebe},
  title =        {Iterative denoising using {J}ensen-{R}enyi
                  divergences with an application to unsupervised
                  document categorization},
  booktitle =    {Proceedings of ICASSP},
  shortbooktitle = {Proc. of ICASSP},
  year =         2007,
  url =          {http://cs.jhu.edu/~jason/papers/\#icassp07}
}

% Попытка записать патент имеющимися средствами
@Book{iofis_patent1960,
  title                    = {Способ пайки керамики с~керамикой и~стекла с~металлом : а.\,с.~126728 СССР},
  author                   = {Иофис, Н. А.},
  year                     = {1960},
  numpages                 = {Бюл. № 5.~1},
  language                 = {russian}
}

% Попытка записать патент имеющимися средствами
@Book{AB_patent_Pomerantz_1968,
  title                    = {Anodic bonding : patent no. 3397278 US},
  author                   = {Pomerantz, D. I.},
  year                     = {1968},
  language                 = {english}
}

